@misc{proyEUREKA,
  title = { \uppercase{EUREKA} - \uppercase{EUR}opean \uppercase{K}ey solutions for vertiports and \uppercase{UAM} },
  url = {https://www.sesarju.eu/projects/EUREKA},
  note = {Proyecto en desarrollo, información limitada debido al estado del proyecto},
  year = {2026}
}

@misc{easa_verti_web,
	author = {EASA},
	title = {Los vertipuertos en entornos urbanos},
	howpublished = {\url{https://www.easa.europa.eu/es/light/topics/vertiports-urban-environment}},
	year = {2022}
}

@article{espejo-diaz_heuristic_2023,
	author = {Espejo-Díaz, Julián Alberto and Alfonso-Lizarazo, Edgar y Montoya-Torres, Jairo R.},	
	title = {A heuristic approach for scheduling advanced air mobility aircraft at vertiports},
	journal = {Applied Mathematical Modelling},
	year = {2023}
}

@inproceedings{park_vertiport_2022,
	author = {Park, Byeong Tak y Kim, Sang Hyun},	
	title = {Vertiport Design Optimization using Integer Programming},
	booktitle = {2022 {IEEE}/{AIAA} 41st Digital Avionics Systems Conference ({DASC})},	
	year = {2022}	
}

@article{levitt_uam_2021,
	author = {Levitt, Ian and Phojanamongkolkij, Nipa and Witzberger, Kevin and Rios, Joseph y Cheng, Annie},	
	title = {{UAM} Airspace Research Roadmap},
	journal = {NASA},
	year = {2021}
}

@techreport{easa_vertiports_2022,
	author = {{EASA}},	
	title = {Vertiports Prototype Technical Specifications for the Design of {VFR} Vertiports for Operation with Manned {VTOL}-Capable Aircraft Certified in the Enhanced Category},
	institution = {{EASA}},
	year = {2022}
}

@inproceedings{preis_quick_2021,
	author = {Preis, Lukas},
	title = {Quick Sizing, Throughput Estimating and Layout Planning for {VTOL} Aerodromes – A Methodology for Vertiport Design},
	booktitle={AIAA Aviation 2021 Forum},
	year = {2021}
}

@book{korte_combinatorial_2012,
	author = {Korte, Bernhard y Vygen, Jens},	
	title = {Combinatorial Optimization: Theory and Algorithms},
	publisher = {Springer Berlin Heidelberg},
	year = {2012}
}

@misc{e_besada_optimizacion_nodate,
	author = {{E. Besada} and {A. Herrán} and {O. Garnica} and {R. Vado}},	
	title = {Apuntes de la asignatura {Optimización Heurística y Aplicaciones}},
	journal = {{UCM-UNED}},
	year = {2022}
}

@book{corominas_tecnicas_2021,
	author = {Corominas, Albert},
	title = {Técnicas de optimización},
	publisher = {Dextra Editorial},
	year = {2021}
}

@article{jorge_martinez_liebana_investigacion_2019,
	title = {La Investigación Operativa y el método Simplex},
	author = {{Jorge Martínez Liébana}},
	journal = {{Repositorio abierto de la universidad de Cantabria}},
	year = {2019}
}

@book{kuri_algoritmos_2002,
	author = {Kuri, Ángel},
	title = {Algoritmos genéticos},
	publisher = {Instituto Politécnico Nacional},
	year = {2002}
}

@techreport{federal_aviation_administration_vertiport_2022,
	author = {{Federal Aviation Administration}},	
	title = {Vertiport Design ENGINEERING BRIEF 105},
	institution = {{FAA}},
	year = {2022}
}

@techreport{administration_heliport_2012,
	author = {{Federal Aviation Administration}},
	title = {Heliport Design {AC} 150/5390-2D},
	institution = {{FAA}},	
	year = {2012}
}

@misc{easa_what_nodate,
	author = {EASA},
	title = {What is UAM},
	howpublished = {\url{https://www.easa.europa.eu/en/what-is-uam}},
	note = {Accedido: 2023}
}

@article{gupta_two-stage_1988,
	author = {Gupta, Jatinder {ND}},
	title = {Two-stage, hybrid flowshop scheduling problem},
	journal = {Journal of the operational Research Society},
	year = {1988}
}

@article{silver_overview_2004,
	author = {Silver, E. A.},	
	title = {An Overview of Heuristic Solution Methods},
	journal = {The Journal of the Operational Research Society},	
	year = {2004}
}

@article{gparedes_hernandez_fundamentos_2021,
	title = {Fundamentos de Optimización},
	author = {G.Paredes Hernández, Silvestre},
	journal = {Universidad Politécnica de Cartagena},
	year = {2021}
}

@article{diaz_lopez_implementation_2023,
	author = {Díaz López, Ernesto and Martínez Prieto, Adrian and Gálvez Lio, Daniel},
	title = {An implementation for the meta-heuristic “Variable Mesh Optimization” on {CUDA} architecture},
	journal = {Revista Cubana de Ciencias Informáticas},
	year = {2023}
}

@article{hooker_testing_1995,
	author = {Hooker, John N},
	title = {Testing heuristics: We have it all wrong},
	journal = {Journal of heuristics},
	year = {1995}
}

@book{yu_introduction_2010,
	author = {Yu, Xinjie and Gen, Mitsuo},
	title = {Introduction to evolutionary algorithms},
	publisher = {Springer Science \& Business Media},
	year = {2010}
}

@article{linares_modelos_2001,
	author = {Linares, Pedro and Ramos, Andrés and Sánchez, Pedro and Sarabia, A and Vitoriano, Begoña},
	title = {Modelos matemáticos de optimización},
	journal = {Madrid, España},
	year = {2001}
}

@book{cuevas_matlab_2021,
	author = {Cuevas, Erik and Fausto, Fernando and Gálvez, Jorge and Rodríguez, Alma},	
	title = {Matlab. Computación Metaheurística y Bio-inspirada},
	publisher = {{Alpha Editorial}},
	year = {2021}
}

@article{holland_outline_1962,
	author = {Holland, John H},
	title = {Outline for a logical theory of adaptive systems},
	journal = {Journal of the {ACM} ({JACM})},
	year = {1962}
}

@article{gestal_pose_introduccion_2023,
	author = {Gestal Pose, Marcos},
	title = {Introducción a los Algoritmos Genéticos},
	journal = {Departamento de Tecnologías de la Información y las Comunicaciones, Universidade da Coruña},
	year = {2023}
}

@inproceedings{joines_use_1994,
	author = {Joines, Jeffrey and Houck, Christopher},	
	title = {On the use of non-stationary penalty functions to solve nonlinear constrained optimization problems with {GA}'s},
	booktitle = {Proceedings of the {IEEE} conference on evolutionary computation},
	year = {1994}
}

@article{azketa_algoritmo_2013,
	author = {Azketa, Ekain and Gutiérrez, J Javier and Di Natale, Marco and Almeida, Luís and Marcos, Marga},	
	title = {Algoritmo genético permutacional para el despliegue y la planificación de sistemas de tiempo real distribuidos},
	journal = {Revista Iberoamericana de Automática e Informática industrial},
	year = {2013}
}

@misc{gismeros_repositorio_2024,
    author = {Gismeros, Javier López},
    title = {Repositorio GitHub para el TFG},
    year = {2024},
    howpublished = {\url{https://github.com/Jalope/TFG}}
}

@article{moujahid_tema_2008,
	author = {Moujahid, Abdelmalik and Inza, Iñaki and Larrañaga, Pedro},	
	title = {Tema 2. algoritmos genéticos},
	journal = {Departamento de Ciencia de la Computación e Inteligencia Artificial Universidad del País Vasco-Euskal Herriko Unibertsitatea},
	year = {2008}
}

@article{yannibelli_comparative_2020,
	author = {Yannibelli, Virginia and Pacini, Elina and Monge, David and Mateos, Cristian and Rodriguez, Guillermo},	
	title = {A comparative analysis of {NSGA}-{II} and {NSGA}-{III} for autoscaling parameter sweep experiments in the cloud},
	journal = {Scientific Programming},
	year = {2020}
}

@article{saglican_moead_2023,
	author = {Saǧlican, Enes and Afacan, Engin},
	title = {{MOEA}/D vs. {NSGA}-{II}: A Comprehensive Comparison for Multi/Many Objective Analog/{RF} Circuit Optimization through a Generic Benchmark},
	journal = {{ACM} Transactions on Design Automation of Electronic Systems},
	year = {2023}
}

@misc{barcelona_contraste_2024,
	author = {Barcelona, Universidad de},
	title = {Contraste de Normalidad},
	howpublished = {\url{http://www.ub.edu/aplica_infor/spss/cap5-6.htm}},
	year = {2024}
}

@article{garcia_sarmina_comparativa_2022,
	title = {Comparativa de métodos para la optimización de parámetros en el algoritmo {QAOA}},
	author = {García Sarmina, Brian},
	journal = {Universidad Autónoma Metropolitana (México). Unidad Azcapotzalco},
	year = {2022}
}

@article{sundhararajan_comparative_1998,
	author = {Sundhararajan, Srinivasan and Pahwa, Anil and Krishnaswami, Prakash},	
	title = {A comparative analysis of genetic algorithms and directed grid search for parametric optimization},
	journal = {Engineering with Computers},
	year = {1998}
}

@misc{sostenible_concepto_2023,
	author = {Sostenible, Ministerio de Transportes y Movilidad},
	title = {Concepto U-space},
	howpublished = {\url{https://www.mitma.gob.es/aviacion-civil/politica-espacio-aereo/portal-para-la-coordinacion-del-u-space-en-espana/concepto-uspace}},
	year = {2023}
}

@article{cococcioni_big-m_2021,
	author = {Cococcioni, Marco and Fiaschi, Lorenzo},
	title = {The Big-M method with the numerical infinite M},
	journal = {Optimization Letters},
	year = {2021}
}

@article{brunelli_new_2023,
	author = {Brunelli, Matteo and Ditta, Chiara Caterina and Postorino, Maria Nadia},	
	title = {New infrastructures for Urban Air Mobility systems: A systematic review on vertiport location and capacity},
	journal = {Journal of Air Transport Management},
	year = {2023}
}

@article{shin_skyport_2022,
	author = {Shin, Hyelim and Lee, Taesik and Lee, Hyun-Rok},
	title = {Skyport location problem for urban air mobility system},
	journal = {Computers \& Operations Research},
	year = {2022}
}

@book{ugarte2008probability,
	author={Ugarte, Maria Dolores and Militino, Ana F and Arnholt, Alan T},	
	title={Probability and Statistics with R},
	publisher={CRC press},  
	year={2008}  
}