

@article{yagual2022revision,
  title={Una revisi{\'o}n del aprendizaje profundo aplicado a la ciberseguridad},
  author={Yagual, Daniel Ivan Quirumbay and Yagual, Carlos Castillo and Su{\'a}rez, Ivan Coronel},
  journal={Revista Cient{\'\i}fica y Tecnol{\'o}gica UPSE},
  volume={9},
  number={1},
  pages={57--65},
  year={2022}
}

@book{alfaries2019advances,
  title={Advances in Data Science, Cyber Security and IT Applications: First International Conference on Computing, ICC 2019, Riyadh, Saudi Arabia, December 10--12, 2019, Proceedings, Part II},
  author={Alfaries, Auhood and Mengash, Hanan and Yasar, Ansar and Shakshuki, Elhadi},
  volume={1098},
  year={2019},
  publisher={Springer Nature}
}

@book{stamp2022artificial,
  title={Artificial Intelligence for Cybersecurity},
  author={Stamp, Mark and Visaggio, Corrado Aaron and Mercaldo, Francesco and Di Troia, Fabio},
  year={2022},
  publisher={Springer}
}

@book{omar2022machine,
  title={Machine Learning for Cybersecurity: Innovative Deep Learning Solutions},
  author={Omar, Marwan},
  year={2022},
  publisher={Springer Nature}
}

@book{xu2023machine,
  title={Machine Learning for Cyber Security: 4th International Conference, ML4CS 2022, Guangzhou, China, December 2--4, 2022, Proceedings, Part II},
  author={Xu, Yuan and Yan, Hongyang and Teng, Huang and Cai, Jun and Li, Jin},
  volume={13656},
  year={2023},
  publisher={Springer Nature}
}

@book{haber2017data,
  title={Data science--Analytics and applications},
  author={Haber, Peter and Lampoltshammer, Thomas and Mayr, Manfred},
  year={2017},
  publisher={Springer}
}

@book{kim2018network,
  title={Network intrusion detection using deep learning: a feature learning approach},
  author={Kim, Kwangjo and Aminanto, Muhamad Erza and Tanuwidjaja, Harry Chandra},
  year={2018},
  publisher={Springer}
}


@book{parisi2019hands,
  title={Hands-On Artificial Intelligence for Cybersecurity: Implement smart AI systems for preventing cyber attacks and detecting threats and network anomalies},
  author={Parisi, Alessandro},
  year={2019},
  publisher={Packt Publishing Ltd}
}

@article{olabe1998redes,
  title={Redes neuronales artificiales y sus aplicaciones},
  author={Olabe, Xabier Basogain},
  journal={Publicaciones de la Escuela de Ingenieros},
  year={1998}
}


@article{xin2018machine,
  title={Machine learning and deep learning methods for cybersecurity},
  author={Xin, Yang and Kong, Lingshuang and Liu, Zhi and Chen, Yuling and Li, Yanmiao and Zhu, Hongliang and Gao, Mingcheng and Hou, Haixia and Wang, Chunhua},
  journal={Ieee access},
  volume={6},
  pages={35365--35381},
  year={2018},
  publisher={IEEE}
}

@article{matich2001redes,
  title={Redes Neuronales: Conceptos b{\'a}sicos y aplicaciones},
  author={Matich, Dami{\'a}n Jorge},
  journal={Universidad Tecnol{\'o}gica Nacional, M{\'e}xico},
  volume={41},
  pages={12--16},
  year={2001}
}

@article{martinez2019machine,
  title={Machine learning techniques applied to cybersecurity},
  author={Mart{\'\i}nez Torres, Javier and Iglesias Comesa{\~n}a, Carla and Garc{\'\i}a-Nieto, Paulino J},
  journal={International Journal of Machine Learning and Cybernetics},
  volume={10},
  pages={2823--2836},
  year={2019},
  publisher={Springer}
}

@article{sarker2022machine,
  title={Machine learning for intelligent data analysis and automation in cybersecurity: current and future prospects},
  author={Sarker, Iqbal H},
  journal={Annals of Data Science},
  pages={1--26},
  year={2022},
  publisher={Springer}
}


@article{sarker2020cybersecurity,
  title={Cybersecurity data science: an overview from machine learning perspective},
  author={Sarker, Iqbal H and Kayes, ASM and Badsha, Shahriar and Alqahtani, Hamed and Watters, Paul and Ng, Alex},
  journal={Journal of Big data},
  volume={7},
  pages={1--29},
  year={2020},
  publisher={Springer}
}


%%%Libro plantas
@book{bengio2017deep,
  title={Deep learning},
  author={Bengio, Yoshua and Goodfellow, Ian and Courville, Aaron},
  volume={1},
  year={2017},
  publisher={MIT press Cambridge, MA, USA}
}

%%%Libro español ucm
@article{pajares2021aprendizaje,
  title={Aprendizaje profundo},
  author={Pajares Martinsanz, Gonzalo and others},
  year={2021},
  publisher={Biblioteca Hern{\'a}n Malo Gonz{\'a}lez}
}


%%%Libro municipal
@book{mirjalili2020python,
  title={Python machine learning},
  author={Mirjalili, Vahid and Raschka, Sebastian},
  year={2020},
  publisher={Marcombo}
}


@book{chollet2021deep,
  title={Deep learning with Python},
  author={Chollet, Francois},
  year={2021},
  publisher={Simon and Schuster}
}

@article{kumar2021mcft,
  title={MCFT-CNN: Malware classification with fine-tune convolution neural networks using traditional and transfer learning in Internet of Things},
  author={Kumar, Sushil and others},
  journal={Future Generation Computer Systems},
  volume={125},
  pages={334--351},
  year={2021},
  publisher={Elsevier}
}


@article{ni2018malware,
  title={Malware identification using visualization images and deep learning},
  author={Ni, Sang and Qian, Quan and Zhang, Rui},
  journal={Computers \& Security},
  volume={77},
  pages={871--885},
  year={2018},
  publisher={Elsevier}
}

@article{zhao2023new,
  title={A new framework for visual classification of multi-channel malware based on transfer learning},
  author={Zhao, Zilin and Yang, Shumian and Zhao, Dawei},
  journal={Applied Sciences},
  volume={13},
  number={4},
  pages={2484},
  year={2023},
  publisher={MDPI}
}

@article{hinton2012improving,
  title={Improving neural networks by preventing co-adaptation of feature detectors},
  author={Hinton, Geoffrey E and Srivastava, Nitish and Krizhevsky, Alex and Sutskever, Ilya and Salakhutdinov, Ruslan R},
  journal={arXiv preprint arXiv:1207.0580},
  year={2012}
}


@inproceedings{he2019malware,
  title={Malware detection with malware images using deep learning techniques},
  author={He, Ke and Kim, Dong-Seong},
  booktitle={2019 18th IEEE international conference on trust, security and privacy in computing and communications/13th IEEE international conference on big data science and engineering (TrustCom/BigDataSE)},
  pages={95--102},
  year={2019},
  organization={IEEE}
}

@article{gibert2019using,
  title={Using convolutional neural networks for classification of malware represented as images},
  author={Gibert, Daniel and Mateu, Carles and Planes, Jordi and Vicens, Ramon},
  journal={Journal of Computer Virology and Hacking Techniques},
  volume={15},
  pages={15--28},
  year={2019},
  publisher={Springer}
}

@article{ni2018malware,
  title={Malware identification using visualization images and deep learning},
  author={Ni, Sang and Qian, Quan and Zhang, Rui},
  journal={Computers \& Security},
  volume={77},
  pages={871--885},
  year={2018},
  publisher={Elsevier}
}

@article{sharma2024migan,
  title={MIGAN: GAN for facilitating malware image synthesis with improved malware classification on novel dataset},
  author={Sharma, Osho and Sharma, Akashdeep and Kalia, Arvind},
  journal={Expert Systems with Applications},
  volume={241},
  pages={122678},
  year={2024},
  publisher={Elsevier}
}

@inproceedings{kornish2018malware,
  title={Malware classification using deep convolutional neural networks},
  author={Kornish, David and Geary, Justin and Sansing, Victor and Ezekiel, Soundararajan and Pearlstein, Larry and Njilla, Laurent},
  booktitle={2018 IEEE Applied Imagery Pattern Recognition Workshop (AIPR)},
  pages={1--6},
  year={2018},
  organization={IEEE}
}

@inproceedings{luo2017binary,
  title={Binary malware image classification using machine learning with local binary pattern},
  author={Luo, Jhu-Sin and Lo, Dan Chia-Tien},
  booktitle={2017 IEEE International Conference on Big Data (Big Data)},
  pages={4664--4667},
  year={2017},
  organization={IEEE}
}

@article{simonyan2014very,
  title={Very deep convolutional networks for large-scale image recognition},
  author={Simonyan, Karen and Zisserman, Andrew},
  journal={arXiv preprint arXiv:1409.1556},
  year={2014}
}

@article{zhao2023new,
  title={A new framework for visual classification of multi-channel malware based on transfer learning},
  author={Zhao, Zilin and Yang, Shumian and Zhao, Dawei},
  journal={Applied Sciences},
  volume={13},
  number={4},
  pages={2484},
  year={2023},
  publisher={MDPI}
}

@article{habibi2023performance,
  title={Performance evaluation of CNN and pre-trained models for malware classification},
  author={Habibi, Omar and Chemmakha, Mohammed and Lazaar, Mohamed},
  journal={Arabian Journal for Science and Engineering},
  pages={1--15},
  year={2023},
  publisher={Springer}
}

@inproceedings{narayanan2016performance,
  title={Performance analysis of machine learning and pattern recognition algorithms for malware classification},
  author={Narayanan, Barath Narayanan and Djaneye-Boundjou, Ouboti and Kebede, Temesguen M},
  booktitle={2016 IEEE national aerospace and electronics conference (NAECON) and ohio innovation summit (OIS)},
  pages={338--342},
  year={2016},
  organization={IEEE}
}




@article{diaz2022analisis,
  title={An{\'a}lisis de Tr{\'a}fico en Dispositivos M{\'o}viles mediante T{\'e}cnicas de Aprendizaje Profundo Supervisado.},
  author={D{\'\i}az Rodr{\'\i}guez, Pablo and Han, Adina and Merino Mayor, David},
  year={2022}
}

@inproceedings{cozzolino2016single,
  title={Single-image splicing localization through autoencoder-based anomaly detection},
  author={Cozzolino, Davide and Verdoliva, Luisa},
  booktitle={2016 IEEE international workshop on information forensics and security (WIFS)},
  pages={1--6},
  year={2016},
  organization={IEEE}
}





% BIBLIOGRAFÍA KDD CUP 1999:

@inproceedings{kim2018encoding,
  title={An encoding technique for CNN-based network anomaly detection},
  author={Kim, Taejoon and Suh, Sang C and Kim, Hyunjoo and Kim, Jonghyun and Kim, Jinoh},
  booktitle={2018 IEEE International Conference on Big Data (Big Data)},
  pages={2960--2965},
  year={2018},
  organization={IEEE}
}

@article{kim2020cnn,
  title={CNN-based network intrusion detection against denial-of-service attacks},
  author={Kim, Jiyeon and Kim, Jiwon and Kim, Hyunjung and Shim, Minsun and Choi, Eunjung},
  journal={Electronics},
  volume={9},
  number={6},
  pages={916},
  year={2020},
  publisher={Mdpi}
}

@article{serinelli2020training,
  title={Training guidance with kdd cup 1999 and nsl-kdd data sets of anidinr: Anomaly-based network intrusion detection system},
  author={Serinelli, Benedetto Marco and Collen, Anastasija and Nijdam, Niels Alexander},
  journal={Procedia Computer Science},
  volume={175},
  pages={560--565},
  year={2020},
  publisher={Elsevier}
}











@inproceedings{lo2019xception,
  title={An xception convolutional neural network for malware classification with transfer learning},
  author={Lo, Wai Weng and Yang, Xu and Wang, Yapeng},
  booktitle={2019 10th IFIP international conference on new technologies, mobility and security (NTMS)},
  pages={1--5},
  year={2019},
  organization={IEEE}
}


%%%Biblioteca Noee
@article{silaparasetty2020neural, 
  title={Neural Network Collection},
  author={Silaparasetty, Vinita and Silaparasetty, Vinita},
  journal={Deep Learning Projects Using TensorFlow 2: Neural Network Development with Python and Keras},
  pages={249--347},
  year={2020},
  publisher={Springer}
} 





@book{bishop1995neural,
  title={Neural networks for pattern recognition},
  author={Bishop, Christopher M},
  year={1995},
  publisher={Oxford university press}
}

@online{conceptos_RN_DesdeCero,
  title = {Como programar una red neuronal desde 0 en Python},
  author = {Ander Fernandez},
  year = {(Acceded on 30 October)},
  url = {https://anderfernandez.com/blog/como-programar-una-red-neuronal-desde-0-en-python/}
}

@online{kaggle_cnn_tutorial,
  title = {Introduction to CNN Keras},
  author = {Yassine Ghouzam},
  year = {(Acceded on 10 November)},
  url = {https://www.kaggle.com/code/yassineghouzam/introduction-to-cnn-keras-0-997-top-6/notebook}
}


@online{conceptos_RN_DesdeCero2,
  title = {Traffic Signs image classification},
  author = {Yassir acharki},
  year = {(Acceded on 13 November)},
  url = {https://www.kaggle.com/code/yacharki/traffic-signs-image-classification-96-cnn#6.-Training-the-Model}
}


@inproceedings{kalash2018malware,
  title={Malware classification with deep convolutional neural networks},
  author={Kalash, Mahmoud and Rochan, Mrigank and Mohammed, Noman and Bruce, Neil DB and Wang, Yang and Iqbal, Farkhund},
  booktitle={2018 9th IFIP international conference on new technologies, mobility and security (NTMS)},
  pages={1--5},
  year={2018},
  organization={IEEE}
}


@online{introductionAutoencoder,
  title = {Introducción a los codificadores automáticos},
  author = {TensrFlow},
  year = {(Acceded on 27 November)},
  url = {https://www.tensorflow.org/tutorials/generative/autoencoder?hl=es-419}
}












%%%Ultima opcion
@book{tang2007neural,
  title={Neural networks: computational models and applications},
  author={Tang, Huajin and Tan, Kay Chen and Yi, Zhang},
  volume={53},
  year={2007},
  publisher={Springer Science \& Business Media}
}