
@article{lopes2022effective,  
  title={Effective network intrusion detection via representation learning: A Denoising AutoEncoder approach},
  author={Lopes, Ivandro O and Zou, Deqing and Abdulqadder, Ihsan H and Ruambo, Francis A and Yuan, Bin and Jin, Hai},
  journal={Computer Communications},
  volume={194},
  pages={55--65},
  year={2022},
  publisher={Elsevier}
}

@inproceedings{farahnakian2018deep,
  title={A deep auto-encoder based approach for intrusion detection system},
  author={Farahnakian, Fahimeh and Heikkonen, Jukka},
  booktitle={2018 20th International Conference on Advanced Communication Technology (ICACT)},
  pages={178--183},
  year={2018},
  organization={IEEE}
}

@article{bengio2006greedy,
  title={Greedy layer-wise training of deep networks},
  author={Bengio, Yoshua and Lamblin, Pascal and Popovici, Dan and Larochelle, Hugo},
  journal={Advances in neural information processing systems},
  volume={19},
  year={2006}
}

@article{kim2020cnn,
  title={CNN-based network intrusion detection against denial-of-service attacks},
  author={Kim, Jiyeon and Kim, Jiwon and Kim, Hyunjung and Shim, Minsun and Choi, Eunjung},
  journal={Electronics},
  volume={9},
  number={6},
  pages={916},
  year={2020},
  publisher={Mdpi}
}

@inproceedings{yang2006anomaly,
  title={An anomaly intrusion detection approach using cellular neural networks},
  author={Yang, Zhongxue and Karahoca, Adem},
  booktitle={Computer and Information Sciences--ISCIS 2006: 21th International Symposium, Istanbul, Turkey, November 1-3, 2006. Proceedings 21},
  pages={908--917},
  year={2006},
  organization={Springer}
}

@inproceedings{nguyen2018design,
  title={Design and implementation of intrusion detection system using convolutional neural network for DoS detection},
  author={Nguyen, Sinh-Ngoc and Nguyen, Van-Quyet and Choi, Jintae and Kim, Kyungbaek},
  booktitle={Proceedings of the 2nd international conference on machine learning and soft computing},
  pages={34--38},
  year={2018}
}

@inproceedings{kim2018encoding,
  title={An encoding technique for CNN-based network anomaly detection},
  author={Kim, Taejoon and Suh, Sang C and Kim, Hyunjoo and Kim, Jonghyun and Kim, Jinoh},
  booktitle={2018 IEEE International Conference on Big Data (Big Data)},
  pages={2960--2965},
  year={2018},
  organization={IEEE}
}

@inproceedings{maithem2021network,
  title={Network intrusion detection system using deep neural networks},
  author={Maithem, Mohammed and Al-Sultany, Ghadaa A},
  booktitle={Journal of Physics: Conference Series},
  volume={1804},
  number={1},
  pages={012138},
  year={2021},
  organization={IOP Publishing}
}

@inproceedings{vigneswaran2018evaluating,
  title={Evaluating shallow and deep neural networks for network intrusion detection systems in cyber security},
  author={Vigneswaran, Rahul K and Vinayakumar, R and Soman, KP and Poornachandran, Prabaharan},
  booktitle={2018 9th International conference on computing, communication and networking technologies (ICCCNT)},
  pages={1--6},
  year={2018},
  organization={IEEE}
}

@article{elmasry2019empirical,
  title={Empirical study on multiclass classification-based network intrusion detection},
  author={Elmasry, Wisam and Akbulut, Akhan and Zaim, Abdul Halim},
  journal={Computational Intelligence},
  volume={35},
  number={4},
  pages={919--954},
  year={2019},
  publisher={Wiley Online Library}
}